@article{abideen2022a3d,
    title        = {A3D: Physical Adversarial Attack on Visual Perception Module of Self-driving Cars},
    author       = {Abideen, Zain Ul and Bute, Muhammad Atif and Khalid, Samina and Ahmad, Iftikhar and Amin, Rashid},
    year         = 2022,
    journaltitle = {Research Square},
    keywords     = {chapter_driving}
}

@article{alvarezmelis2018robust,
    title        = {Towards robust interpretability with self-explaining neural networks},
    author       = {Alvarez-Melis, David and Jaakkola, Tommi S},
    year         = 2018,
    journaltitle = {arXiv preprint arXiv:1806.07538},
    keywords     = {chapter_defence}
}

@inproceedings{andriushchenko2020square,
    title        = {Square attack: a query-efficient black-box adversarial attack via random search},
    author       = {Andriushchenko, Maksym and Croce, Francesco and Flammarion, Nicolas and Hein, Matthias},
    year         = 2020,
    booktitle    = {IEEE European Conference on Computer Vision (ECCV)},
    pages        = {484--501},
    keywords     = {chapter_classification}
}

@article{apley2016visualizing,
    title        = {Visualizing the effects of predictor variables in black box supervised learning models},
    author       = {Apley, Daniel W. and Zhu, Jingyu},
    year         = 2020,
    volume       = 82,
    number       = 4,
    pages        = {1059--1086},
    journaltitle = {Journal of the Royal Statistical Society Series B}
}

@article{aix360-sept-2019,
    title        = {One explanation does not fit all: A toolkit and taxonomy of ai explainability techniques},
    author       = {Arya, Vijay and Bellamy, Rachel KE and Chen, Pin-Yu and Dhurandhar, Amit and Hind, Michael and Hoffman, Samuel C and Houde, Stephanie and Liao, Q Vera and Luss, Ronny and Mojsilović, Aleksandra and others},
    year         = 2019,
    journaltitle = {arXiv preprint arXiv:1909.03012}
}

@article{bai2023query,
    title        = {Query efficient black-box adversarial attack on deep neural networks},
    author       = {Bai, Yang and Wang, Yisen and Zeng, Yuyuan and Jiang, Yong and Xia, Shu-Tao},
    year         = 2023,
    publisher    = {Elsevier},
    volume       = 133,
    pages        = 109037,
    journaltitle = {Pattern Recognition}
}

@article{pmid19411291,
    title        = {Plasma C-reactive protein levels are associated with improved outcome in ARDS},
    author       = {Bajwa, E. K. and Khan, U. A. and Januzzi, J. L. and Gong, M. N. and Thompson, B. T. and Christiani, D. C.},
    year         = 2009,
    volume       = 136,
    number       = 2,
    pages        = {471--480},
    journaltitle = {Chest}
}

@inproceedings{Basu2020Deep,
    title        = {Deep learning for screening covid-19 using chest x-ray images},
    author       = {Basu, Sanhita and Mitra, Sushmita and Saha, Nilanjan},
    year         = 2020,
    booktitle    = {IEEE Symposium Series on Computational Intelligence (SSCI)},
    pages        = {2521--2527}
}

@article{bernardin2008evaluating,
    title        = {Evaluating multiple object tracking performance: the clear mot metrics},
    author       = {Bernardin, Keni and Stiefelhagen, Rainer},
    year         = 2008,
    publisher    = {Springer},
    volume       = 2008,
    pages        = {1--10},
    journaltitle = {EURASIP Journal on Image and Video Processing}
}

@inproceedings{bertinetto2016fully,
    title        = {Fully-convolutional siamese networks for object tracking},
    author       = {Bertinetto, Luca and Valmadre, Jack and Henriques, Joao F and Vedaldi, Andrea and Torr, Philip HS},
    year         = 2016,
    booktitle    = {IEEE European Conference on Computer Vision Workshop (ECCVW)},
    pages        = {850--865},
    organization = {Springer}
}

@inproceedings{bewley2016simple,
    title        = {Simple online and realtime tracking},
    author       = {Bewley, Alex and Ge, Zongyuan and Ott, Lionel and Ramos, Fabio and Upcroft, Ben},
    year         = 2016,
    booktitle    = {IEEE International Conference on Image Processing (ICIP)},
    pages        = {3464--3468}
}

@article{bhambri2019survey,
    title        = {A survey of black-box adversarial attacks on computer vision models},
    author       = {Bhambri, Siddhant and Muku, Sumanyu and Tulasi, Avinash and Buduru, Arun Balaji},
    year         = 2019,
    journaltitle = {arXiv preprint arXiv:1912.01667},
    keywords     = {chapter_classification}
}

@inproceedings{biggio2013evasion,
    title        = {Evasion attacks against machine learning at test time},
    author       = {Biggio, Battista and Corona, Igino and Maiorca, Davide and Nelson, Blaine and Šrndić, Nedim and Laskov, Pavel and Giacinto, Giorgio and Roli, Fabio},
    year         = 2013,
    booktitle    = {European Conference on Machine Learning and Knowledge Discovery in Databases (ECML PKDD)},
    pages        = {387--402},
    organization = {Springer}
}

@article{bochkovskiy2020yolov4,
    title        = {Yolov4: Optimal speed and accuracy of object detection},
    author       = {Bochkovskiy, Alexey and Wang, Chien-Yao and Liao, Hong-Yuan Mark},
    year         = 2020,
    journaltitle = {arXiv preprint arXiv:2004.10934},
    keywords     = {chapter_detection}
}

@inproceedings{bodla2017soft,
    title        = {Soft-NMS improving object detection with one line of code},
    author       = {Bodla, Navaneeth and Singh, Bharat and Chellappa, Rama and Davis, Larry S},
    year         = 2017,
    booktitle    = {IEEE International Conference on Computer Vision (ICCV)},
    pages        = {5561--5569},
    keywords     = {chapter_detection}
}

@article{bojarski2016end,
    title        = {End to end learning for self-driving cars},
    author       = {Bojarski, Mariusz and Del Testa, Davide and Dworakowski, Daniel and Firner, Bernhard and Flepp, Beat and Goyal, Prasoon and Jackel, Lawrence D and Monfort, Mathew and Muller, Urs and Zhang, Jiakai and others},
    year         = 2016,
    journaltitle = {arXiv preprint arXiv:1604.07316},
    keywords     = {chapter_driving}
}

@article{boloor2019,
    title        = {Attacking vision-based perception in end-to-end autonomous driving models},
    author       = {Boloor, Adith and Garimella, Karthik and He, Xin and Gill, Christopher and Vorobeychik, Yevgeniy and Zhang, Xuan},
    year         = 2020,
    publisher    = {Elsevier},
    volume       = 110,
    pages        = 101766,
    journaltitle = {Journal of Systems Architecture},
    keywords     = {chapter_driving}
}

@inproceedings{boloor2019simple,
    title        = {Simple physical adversarial examples against end-to-end autonomous driving models},
    author       = {Boloor, Adith and He, Xin and Gill, Christopher and Vorobeychik, Yevgeniy and Zhang, Xuan},
    year         = 2019,
    booktitle    = {IEEE International Conference on Embedded Software and Systems (ICESS)},
    pages        = {1--7},
    keywords     = {chapter_driving}
}

@article{boyd2004convex,
    title        = {Convex Optimization},
    author       = {Boyd, Stephen and Vandenberghe, Lieven},
    year         = 2004,
    publisher    = {Cambridge University Press},
    keywords     = {chapter_driving}
}

@article{Breiman2015Classification,
    title        = {Classification and Regression Trees. Belmont, CA: Wadsworth International Group.},
    author       = {Breiman, L and Friedman, Jh and Olshen, Ra and Stone, Cj},
    year         = 2015,
    volume       = 57,
    number       = 1,
    pages        = {582--588},
    journaltitle = {Encyclopedia of Ecology}
}

@article{Breiman2001Random,
    title        = {Random Forests},
    author       = {Breiman, Leo},
    year         = 2001,
    volume       = 45,
    number       = 1,
    pages        = {5--32},
    journaltitle = {Machine Learning}
}

@article{brown2017patch,
    title        = {Adversarial Patch},
    author       = {Brown, Tom and Mane, Dandelion and Roy, Aurko and Abadi, Martin and Gilmer, Justin},
    year         = 2017,
    journaltitle = {arXiv preprint arXiv:1712.09665},
    keywords     = {chapter_detection}
}

@inproceedings{Brunner_2019,
    title        = {Guessing Smart: Biased Sampling for Efficient Black-Box Adversarial Attacks},
    author       = {Brunner, Thomas and Diehl, Frederik and Le, Michael Truong and Knoll, Alois},
    year         = 2019,
    booktitle    = {IEEE International Conference on Computer Vision (ICCV)},
    keywords     = {chapter_classification}
}

@inproceedings{caesar2020nuscenes,
    title        = {nuscenes: A multimodal dataset for autonomous driving},
    author       = {Caesar, Holger and Bankiti, Varun and Lang, Alex H and Vora, Sourabh and Liong, Venice Erin and Xu, Qiang and Krishnan, Anush and Pan, Yu and Baldan, Giancarlo and Beijbom, Oscar},
    year         = 2020,
    booktitle    = {IEEE Conference on Computer Vision and Pattern Recognition (CVPR)},
    pages        = {11621--11631}
}

@inproceedings{cao2023observation,
    title        = {Observation-centric sort: Rethinking sort for robust multi-object tracking},
    author       = {Cao, Jinkun and Pang, Jiangmiao and Weng, Xinshuo and Khirodkar, Rawal and Kitani, Kris},
    year         = 2023,
    booktitle    = {IEEE Conference on Computer Vision and Pattern Recognition (CVPR)},
    pages        = {9686--9696}
}

@inproceedings{carlini2017towards,
    title        = {Towards evaluating the robustness of neural networks},
    author       = {Carlini, Nicholas and Wagner, David},
    year         = 2017,
    booktitle    = {IEEE Symposium on Security and Privacy},
    pages        = {39--57},
    keywords     = {chapter_detection}
}

@inproceedings{cartucho2018,
    title        = {Robust Object Recognition Through Symbiotic Deep Learning In Mobile Robots},
    author       = {Cartucho, João and Ventura, Rodrigo and Veloso, Manuela},
    year         = 2018,
    booktitle    = {IEEE International Conference on Intelligent Robots and Systems (IROS)},
    pages        = {2336--2341},
    keywords     = {chapter_detection}
}

@inproceedings{Caruana2015IntelligibleMF,
    title        = {Intelligible models for healthcare: Predicting pneumonia risk and hospital 30-day readmission},
    author       = {Caruana, Rich and Lou, Yin and Gehrke, Johannes and Koch, Paul and Sturm, Marc and Elhadad, Noemie},
    year         = 2015,
    booktitle    = {ACM International Conference on Knowledge Discovery Data Mining (ACM SIGKDD)},
    pages        = {1721--1730}
}

@inproceedings{chen2022learning,
    title        = {Learning from all vehicles},
    author       = {Chen, Dian and Krähenbühl, Philipp},
    year         = 2022,
    booktitle    = {IEEE Conference on Computer Vision and Pattern Recognition (CVPR)},
    pages        = {17222--17231},
    keywords     = {chapter_driving}
}

@inproceedings{chen2020hopskipjumpattack,
    title        = {Hopskipjumpattack: A query-efficient decision-based attack},
    author       = {Chen, Jianbo and Jordan, Michael I and Wainwright, Martin J},
    year         = 2020,
    booktitle    = {IEEE Symposium on Security and Privacy (SP)},
    pages        = {1277--1294},
    keywords     = {chapter_intro}
}

@article{chen2023coreset,
    title        = {Coreset Learning Based Sparse Black-box Adversarial Attack For Video Recognition},
    author       = {Chen, Jiefu and Chen, Tong and Xu, Xing and Zhang, Jingran and Yang, Yang and Shen, Heng Tao},
    year         = 2023,
    publisher    = {IEEE},
    journaltitle = {IEEE Transactions on Information Forensics and Security}
}

@inproceedings{chen2020rays,
    title        = {Rays: A ray searching method for hard-label adversarial attack},
    author       = {Chen, Jinghui and Gu, Quanquan},
    year         = 2020,
    booktitle    = {ACM International Conference on Knowledge Discovery Data Mining (ACM SIGKDD)},
    pages        = {1739--1747}
}

@article{chen2020epidemiological,
    title        = {Epidemiological and clinical characteristics of 99 cases of 2019 novel coronavirus pneumonia in Wuhan, China: a descriptive study},
    author       = {Chen, Nanshan and Zhou, Min and Dong, Xuan and Qu, Jieming and Gong, Fengyun and Han, Yang and Qiu, Yang and Wang, Jingli and Liu, Ying and Wei, Yuan and others},
    year         = 2020,
    publisher    = {Elsevier},
    volume       = 395,
    number       = 10223,
    pages        = {507--513},
    journaltitle = {The Lancet}
}

@inproceedings{chen2018ead,
    title        = {Ead: elastic-net attacks to deep neural networks via adversarial examples},
    author       = {Chen, Pin-Yu and Sharma, Yash and Zhang, Huan and Yi, Jinfeng and Hsieh, Cho-Jui},
    year         = 2018,
    booktitle    = {AAAI Conference on Artificial Intelligence},
    volume       = 32,
    number       = 1,
    keywords     = {chapter_detection}
}

@inproceedings{chen2017zoo,
    title        = {Zoo: Zeroth order optimization based black-box attacks to deep neural networks without training substitute models},
    author       = {Chen, Pin-Yu and Zhang, Huan and Sharma, Yash and Yi, Jinfeng and Hsieh, Cho-Jui},
    year         = 2017,
    booktitle    = {ACM Workshop on Artificial Intelligence and Security},
    pages        = {15--26},
    keywords     = {chapter_classification}
}

@article{chen2018neural,
    title        = {Neural ordinary differential equations},
    author       = {Chen, Ricky TQ and Rubanova, Yulia and Bettencourt, Jesse and Duvenaud, David K},
    year         = 2018,
    volume       = 31,
    journaltitle = {Advances in Neural Information Processing Systems}
}

@inproceedings{chen2019shapeshifter,
    title        = {Shapeshifter: Robust physical adversarial attack on faster r-cnn object detector},
    author       = {Chen, Shang-Tse and Cornelius, Cory and Martin, Jason and Chau, Duen Horng},
    year         = 2019,
    booktitle    = {European Conference on Machine Learning and Knowledge Discovery in Databases (ECML PKDD)},
    pages        = {52--68},
    organization = {Springer},
    keywords     = {chapter_patch}
}

@article{chen2019adversarial,
    title        = {Adversarial attack and defense in reinforcement learning-from AI security view},
    author       = {Chen, Tong and Liu, Jiqiang and Xiang, Yingxiao and Niu, Wenjia and Tong, Endong and Han, Zhen},
    year         = 2019,
    publisher    = {Springer},
    volume       = 2,
    number       = 1,
    pages        = {1--22},
    journaltitle = {Cybersecurity},
    keywords     = {chapter_intro}
}

@inproceedings{chen2020one,
    title        = {One-shot adversarial attacks on visual tracking with dual attention},
    author       = {Chen, Xuesong and Yan, Xiyu and Zheng, Feng and Jiang, Yong and Xia, Shu-Tao and Zhao, Yong and Ji, Rongrong},
    year         = 2020,
    booktitle    = {IEEE Conference on Computer Vision and Pattern Recognition (CVPR)},
    pages        = {10176--10185},
    keywords     = {chapter_tracking}
}

@article{chen2023query,
    title        = {Query-efficient decision-based black-box patch attack},
    author       = {Chen, Zhaoyu and Li, Bo and Wu, Shuang and Ding, Shouhong and Zhang, Wenqiang},
    year         = 2023,
    journaltitle = {IEEE Transactions on Information Forensics and Security}
}

@article{cheng2018query,
    title        = {Query-efficient hard-label black-box attack: An optimization-based approach},
    author       = {Cheng, Minhao and Le, Thong and Chen, Pin-Yu and Yi, Jinfeng and Zhang, Huan and Hsieh, Cho-Jui},
    year         = 2018,
    journaltitle = {arXiv preprint arXiv:1807.04457}
}

@article{cheng2019sign,
    title        = {Sign-opt: A query-efficient hard-label adversarial attack},
    author       = {Cheng, Minhao and Singh, Simranjit and Chen, Patrick and Chen, Pin-Yu and Liu, Sijia and Hsieh, Cho-Jui},
    year         = 2019,
    journaltitle = {arXiv preprint arXiv:1909.10773}
}

@inproceedings{cheng2021universal,
    title        = {Universal Adversarial Attack Against 3D Object Tracking},
    author       = {Cheng, Riran and Sang, Nan and Zhou, Yinyuan and Wang, Xupeng},
    year         = 2021,
    booktitle    = {IEEE 23rd Int Conf on High Performance Computing \& Communications; 7th Int Conf on Data Science \& Systems; 19th Int Conf on Smart City; 7th Int Conf on Dependability in Sensor, Cloud \& Big Data Systems \& Application (HPCC/DSS/SmartCity/DependSys)},
    pages        = {34--40},
    keywords     = {chapter_tracking}
}

@inproceedings{cheng2022non,
    title        = {Non-Rigid Transformation Based Adversarial Attack Against 3d Object Tracking},
    author       = {Cheng, Riran and Sang, Nan and Zhou, Yinyuan and Wang, Xupeng},
    year         = 2022,
    booktitle    = {IEEE International Conference on Acoustics, Speech and Signal Processing (ICASSP)},
    pages        = {2744--2748},
    keywords     = {chapter_tracking}
}

@inproceedings{chindaudom2020adversarialqr,
    title        = {AdversarialQR: An adversarial patch in QR code format},
    author       = {Chindaudom, Aran and Siritanawan, Prarinya and Sumongkayothin, Karin and Kotani, Kazunori},
    year         = 2020,
    booktitle    = {Joint 9th International Conference on Informatics, Electronics \& Vision (ICIEV) and 4th International Conference on Imaging, Vision \& Pattern Recognition (icIVPR)},
    pages        = {1--6},
    keywords     = {chapter_patch}
}

@article{chindaudom2022surreptitious,
    title        = {Surreptitious Adversarial Examples through Functioning QR Code},
    author       = {Chindaudom, Aran and Siritanawan, Prarinya and Sumongkayothin, Karin and Kotani, Kazunori},
    year         = 2022,
    publisher    = {MDPI},
    volume       = 8,
    number       = 5,
    pages        = 122,
    journaltitle = {Journal of Imaging},
    keywords     = {chapter_patch}
}

@inproceedings{Chitta2021ICCV,
    title        = {Neat: Neural attention fields for end-to-end autonomous driving},
    author       = {Chitta, Kashyap and Prakash, Aditya and Geiger, Andreas},
    year         = 2021,
    booktitle    = {IEEE International Conference on Computer Vision (ICCV)},
    pages        = {15793--15803},
    keywords     = {chapter_driving}
}

@article{Chitta2022PAMI,
    title        = {TransFuser: Imitation with Transformer-Based Sensor Fusion for Autonomous Driving},
    author       = {Chitta, Kashyap and Prakash, Aditya and Jaeger, Bernhard and Yu, Zehao and Renz, Katrin and Geiger, Andreas},
    year         = 2022,
    journaltitle = {Pattern Analysis and Machine Intelligence (PAMI)},
    keywords     = {chapter_driving}
}

@misc{chollet2015keras,
    title        = {Keras},
    author       = {Chollet, François and others},
    year         = 2015,
    url          = {https://keras.io},
    keywords     = {chapter_classification}
}

@inproceedings{Chopra2020,
    title        = {End-to-End Reinforcement Learning for Self-driving Car},
    author       = {Chopra, Rohan and Roy, Sanjiban Sekhar},
    year         = 2020,
    booktitle    = {Advanced Computing and Intelligent Engineering},
    pages        = {53--61},
    keywords     = {chapter_driving}
}

@inproceedings{chow2020adversarial,
    title        = {Adversarial Objectness Gradient Attacks in Real-time Object Detection Systems},
    author       = {Chow, Ka-Ho and Liu, Ling and Loper, Margaret and Bae, Juhyun and Emre Gursoy, Mehmet and Truex, Stacey and Wei, Wenqi and Wu, Yanzhao},
    year         = 2020,
    booktitle    = {IEEE International Conference on Trust, Privacy and Security in Intelligent Systems, and Applications},
    pages        = {263--272},
    keywords     = {chapter_driving,chapter_detection}
}

@article{ciaparrone2020deep,
    title        = {Deep learning in video multi-object tracking: A survey},
    author       = {Ciaparrone, Gioele and Sánchez, Francisco Luque and Tabik, Siham and Troiano, Luigi and Tagliaferri, Roberto and Herrera, Francisco},
    year         = 2020,
    publisher    = {Elsevier},
    volume       = 381,
    pages        = {61--88},
    journaltitle = {Neurocomputing},
    keywords     = {chapter_tracking}
}

@article{corman2020detection,
    title        = {Detection of 2019 novel coronavirus (2019-nCoV) by real-time RT-PCR},
    author       = {Corman, Victor M and Landt, Olfert and Kaiser, Marco and Molenkamp, Richard and Meijer, Adam and Chu, Daniel KW and Bleicker, Tobias and Brünink, Sebastian and Schneider, Julia and Schmidt, Marie Luisa and others},
    year         = 2020,
    publisher    = {European Centre for Disease Prevention and Control},
    volume       = 25,
    number       = 3,
    pages        = 2000045,
    journaltitle = {Eurosurveillance}
}

@inproceedings{croce2020reliable,
    title        = {Reliable evaluation of adversarial robustness with an ensemble of diverse parameter-free attacks},
    author       = {Croce, Francesco and Hein, Matthias},
    year         = 2020,
    booktitle    = {International Conference on Machine Learning (ICML)},
    pages        = {2206--2216},
    keywords     = {chapter_detection}
}

@article{debenedetti2023evading,
    title        = {Evading Black-box Classifiers Without Breaking Eggs},
    author       = {Debenedetti, Edoardo and Carlini, Nicholas and Tramèr, Florian},
    year         = 2023,
    journaltitle = {arXiv preprint arXiv:2306.02895}
}

@article{dendorfer2020mot20,
    title        = {Mot20: A benchmark for multi object tracking in crowded scenes},
    author       = {Dendorfer, Patrick and Rezatofighi, Hamid and Milan, Anton and Shi, Javen and Cremers, Daniel and Reid, Ian and Roth, Stefan and Schindler, Konrad and Leal-Taixé, Laura},
    year         = 2020,
    journaltitle = {arXiv preprint arXiv:2003.09003}
}

@inproceedings{Deng2020,
    title        = {An analysis of adversarial attacks and defenses on autonomous driving models},
    author       = {Deng, Yao and Zheng, Xi and Zhang, Tianyi and Chen, Chen and Lou, Guannan and Kim, Miryung},
    year         = 2020,
    booktitle    = {IEEE International Conference on Pervasive Computing and Communications (PerCom)},
    pages        = {1--10},
    keywords     = {chapter_driving}
}

@article{deschaud2021kitticarla,
    title        = {KITTI-CARLA: a KITTI-like dataset generated by CARLA Simulator},
    author       = {{Deschaud}, Jean-Emmanuel},
    year         = 2021,
    journaltitle = {arXiv preprint arXiv:2109.00892}
}

@incollection{dieber2020penetration,
    title        = {Penetration testing ROS},
    author       = {Dieber, Bernhard and White, Ruffin and Taurer, Sebastian and Breiling, Benjamin and Caiazza, Gianluca and Christensen, Henrik and Cortesi, Agostino},
    year         = 2020,
    booktitle    = {Robot Operating System (ROS)},
    publisher    = {Springer},
    pages        = {183--225},
    keywords     = {chapter_driving,chapter_detection}
}

@inproceedings{ding2021towards,
    title        = {Towards universal physical attacks on single object tracking},
    author       = {Ding, Li and Wang, Yongwei and Yuan, Kaiwen and Jiang, Minyang and Wang, Ping and Huang, Hua and Wang, Z Jane},
    year         = 2021,
    booktitle    = {AAAI Conference on Artificial Intelligence},
    volume       = 35,
    number       = 2,
    pages        = {1236--1245}
}

@inproceedings{dong2018triplet,
    title        = {Triplet loss in siamese network for object tracking},
    author       = {Dong, Xingping and Shen, Jianbing},
    year         = 2018,
    booktitle    = {IEEE European Conference on Computer Vision (ECCV)},
    pages        = {459--474}
}

@inproceedings{dong2019efficient,
    title        = {Efficient decision-based black-box adversarial attacks on face recognition},
    author       = {Dong, Yinpeng and Su, Hang and Wu, Baoyuan and Li, Zhifeng and Liu, Wei and Zhang, Tong and Zhu, Jun},
    year         = 2019,
    booktitle    = {IEEE Conference on Computer Vision and Pattern Recognition (CVPR)},
    pages        = {7714--7722}
}

@article{doshivelez2017rigorous,
    title        = {Towards a rigorous science of interpretable machine learning},
    author       = {Doshi-Velez, Finale and Kim, Been},
    year         = 2017,
    journaltitle = {arXiv preprint arXiv:1702.08608},
    keywords     = {chapter_defence}
}

@article{dosovitskiy2020image,
    title        = {An image is worth 16x16 words: Transformers for image recognition at scale},
    author       = {Dosovitskiy, Alexey and Beyer, Lucas and Kolesnikov, Alexander and Weissenborn, Dirk and Zhai, Xiaohua and Unterthiner, Thomas and Dehghani, Mostafa and Minderer, Matthias and Heigold, Georg and Gelly, Sylvain and others},
    year         = 2020,
    journaltitle = {arXiv preprint arXiv:2010.11929}
}

@inproceedings{Dosovitskiy17,
    title        = {CARLA: An Open Urban Driving Simulator},
    author       = {Dosovitskiy, Alexey and Ros, German and Codevilla, Felipe and Lopez, Antonio and Koltun, Vladlen},
    year         = 2017,
    booktitle    = {The 1st Annual Conference on Robot Learning},
    pages        = {1--16},
    keywords     = {chapter_intro,chapter_driving}
}

@article{du2020clinical,
    title        = {Clinical features of 85 fatal cases of COVID-19 from Wuhan. A retrospective observational study},
    author       = {Du, Yingzhen and Tu, Lei and Zhu, Pingjun and Mu, Mi and Wang, Runsheng and Yang, Pengcheng and Wang, Xi and Hu, Chao and Ping, Rongyu and Hu, Peng and others},
    year         = 2020,
    publisher    = {American Thoracic Society},
    volume       = 201,
    number       = 11,
    pages        = {1372--1379},
    journaltitle = {American journal of respiratory and critical care medicine}
}

@article{du2023strongsort,
    title        = {Strongsort: Make deepsort great again},
    author       = {Du, Yunhao and Zhao, Zhicheng and Song, Yang and Zhao, Yanyun and Su, Fei and Gong, Tao and Meng, Hongying},
    year         = 2023,
    publisher    = {IEEE},
    journaltitle = {IEEE Transactions on Multimedia}
}

@inproceedings{duan2019centernet,
    title        = {Centernet: Keypoint triplets for object detection},
    author       = {Duan, Kaiwen and Bai, Song and Xie, Lingxi and Qi, Honggang and Huang, Qingming and Tian, Qi},
    year         = 2019,
    booktitle    = {IEEE Conference on Computer Vision and Pattern Recognition (CVPR)},
    pages        = {6569--6578}
}

@misc{pascal-voc-2012,
    title        = {The PASCAL Visual Object Classes Challenge 2012 (VOC2012)},
    author       = {Everingham, M. and Van Gool, L. and Williams, C. K. I. and Winn, J. and Zisserman, A.},
    year         = 2012,
    url          = {http://www.pascal-network.org/challenges/VOC/voc2012/workshop/index.html},
    keywords     = {chapter_detection}
}

@article{fischer2017adversarial,
    title        = {Adversarial examples for semantic image segmentation},
    author       = {Fischer, Volker and Kumar, Mummadi Chaithanya and Metzen, Jan Hendrik and Brox, Thomas},
    year         = 2017,
    journaltitle = {arXiv preprint arXiv:1703.01101},
    keywords     = {chapter_detection}
}

@article{fisher2018models,
    title        = {All Models are Wrong, but Many are Useful: Learning a Variable's Importance by Studying an Entire Class of Prediction Models Simultaneously},
    author       = {Fisher, Aaron and Rudin, Cynthia and Dominici, Francesca},
    year         = 2019,
    volume       = 20,
    number       = 177,
    pages        = {1--81},
    journaltitle = {Journal of Machine Learning Research}
}

@article{Friedman2001GreedyFA,
    title        = {Greedy function approximation: A gradient boosting machine.},
    author       = {Friedman, Jerome H.},
    year         = 2001,
    publisher    = {The Institute of Mathematical Statistics},
    volume       = 29,
    number       = 5,
    pages        = {1189--1232},
    journaltitle = {Ann. Statist.}
}

@inproceedings{fu2022ad,
    title        = {Ad 2 attack: Adaptive adversarial attack on real-time uav tracking},
    author       = {Fu, Changhong and Li, Sihang and Yuan, Xinnan and Ye, Junjie and Cao, Ziang and Ding, Fangqiang},
    year         = 2022,
    booktitle    = {IEEE International Conference on Robotics and Automation (ICRA)},
    pages        = {5893--5899}
}

@misc{KaolinLibrary,
    title        = {Kaolin: A Pytorch Library for Accelerating 3D Deep Learning Research},
    author       = {Fuji Tsang, Clement and Shugrina, Maria and Lafleche, Jean Francois and Takikawa, Towaki and Wang, Jiehan and Loop, Charles and Chen, Wenzheng and Jatavallabhula, Krishna Murthy and Smith, Edward and Rozantsev, Artem and Perel, Or and Shen, Tianchang and Gao, Jun and Fidler, Sanja and State, Gavriel and Gorski, Jason and Xiang, Tommy and Li, Jianing and Li, Michael and Lebaredian, Rev},
    year         = 2022,
    howpublished = {\url{https://github.com/NVIDIAGameWorks/kaolin}}
}

@article{Gao2020.03.07.20031575,
    title        = {Prognostic value of NT-proBNP in patients with severe COVID-19},
    author       = {Gao, Lei and Jiang, Dan and Wen, Xue-song and Cheng, Xiao-cheng and Sun, Min and He, Bin and You, Lin-na and Lei, Peng and Tan, Xiao-wei and Qin, Shu and others},
    year         = 2020,
    publisher    = {Springer},
    volume       = 21,
    pages        = {1--7},
    journaltitle = {Respiratory research}
}

@article{ge2021yolox,
    title        = {Yolox: Exceeding yolo series in 2021},
    author       = {Ge, Zheng and Liu, Songtao and Wang, Feng and Li, Zeming and Sun, Jian},
    year         = 2021,
    journaltitle = {arXiv preprint arXiv:2107.08430}
}

@inproceedings{Geiger2012CVPR,
    title        = {Are we ready for Autonomous Driving? The KITTI Vision Benchmark Suite},
    author       = {Geiger, Andreas and Lenz, Philip and Urtasun, Raquel},
    year         = 2012,
    booktitle    = {IEEE Conference on Computer Vision and Pattern Recognition (CVPR)}
}

@inproceedings{pmlr-v117-ghai20a,
    title        = {Exponentiated Gradient Meets Gradient Descent},
    author       = {Ghai, Udaya and Hazan, Elad and Singer, Yoram},
    year         = 2020,
    booktitle    = {The 31st International Conference on Algorithmic Learning Theory},
    volume       = 117,
    pages        = {386--407},
    keywords     = {chapter_classification}
}

@article{gleave2021adversarial,
    title        = {Adversarial policies: Attacking deep reinforcement learning},
    author       = {Gleave, Adam and Dennis, Michael and Wild, Cody and Kant, Neel and Levine, Sergey and Russell, Stuart},
    year         = 2019,
    journaltitle = {arXiv preprint arXiv:1905.10615},
    keywords     = {chapter_intro}
}

@inproceedings{gnanasambandam2021optical,
    title        = {Optical adversarial attack},
    author       = {Gnanasambandam, Abhiram and Sherman, Alex M and Chan, Stanley H},
    year         = 2021,
    booktitle    = {IEEE International Conference on Computer Vision (ICCV)},
    pages        = {92--101}
}

@article{goldstein2013peeking,
    title        = {Peeking Inside the Black Box: Visualizing Statistical Learning With Plots of Individual Conditional Expectation},
    author       = {Goldstein, Alex and Kapelner, Adam and Bleich, Justin and Pitkin, Emil},
    year         = 2013,
    volume       = 24,
    journaltitle = {Journal of Computational and Graphical Statistics}
}

@inproceedings{GoodfellowSS14,
    title        = {Explaining and Harnessing Adversarial Examples},
    author       = {Goodfellow, Ian and Shlens, Jonathon and Szegedy, Christian},
    year         = 2015,
    booktitle    = {International Conference on Learning Representations (ICLR)},
    keywords     = {chapter_classification}
}

@inproceedings{guo2019simple,
    title        = {Simple black-box adversarial attacks},
    author       = {Guo, Chuan and Gardner, Jacob and You, Yurong and Wilson, Andrew Gordon and Weinberger, Kilian},
    year         = 2019,
    booktitle    = {International Conference on Machine Learning (ICML)},
    pages        = {2484--2493},
    keywords     = {chapter_classification}
}

@inproceedings{guo2017deepfm,
    title        = {DeepFM: A Factorization-Machine based Neural Network for CTR Prediction},
    author       = {Guo, Huifeng and Tang, Ruiming and Ye, Yunming and Li, Zhenguo and He, Xiuqiang},
    year         = 2017,
    booktitle    = {International Joint Conference on Artificial Intelligence (IJCAI)},
    pages        = {1725--1731}
}

@inproceedings{guo2021learning,
    title        = {Learning to adversarially blur visual object tracking},
    author       = {Guo, Qing and Cheng, Ziyi and Juefei-Xu, Felix and Ma, Lei and Xie, Xiaofei and Liu, Yang and Zhao, Jianjun},
    year         = 2021,
    booktitle    = {IEEE Conference on Computer Vision and Pattern Recognition (CVPR)},
    pages        = {10839--10848}
}

@inproceedings{guo2017learning,
    title        = {Learning dynamic siamese network for visual object tracking},
    author       = {Guo, Qing and Feng, Wei and Zhou, Ce and Huang, Rui and Wan, Liang and Wang, Song},
    year         = 2017,
    booktitle    = {IEEE International Conference on Computer Vision (ICCV)},
    pages        = {1763--1771}
}

@inproceedings{guo2020spark,
    title        = {Spark: Spatial-aware online incremental attack against visual tracking},
    author       = {Guo, Qing and Xie, Xiaofei and Juefei-Xu, Felix and Ma, Lei and Li, Zhongguo and Xue, Wanli and Feng, Wei and Liu, Yang},
    year         = 2020,
    booktitle    = {IEEE European Conference on Computer Vision (ECCV)},
    pages        = {202--219},
    organization = {Springer},
    keywords     = {chapter_tracking}
}

@article{guo2022review,
    title        = {A Review of Deep Learning-Based Visual Multi-Object Tracking Algorithms for Autonomous Driving},
    author       = {Guo, Shuman and Wang, Shichang and Yang, Zhenzhong and Wang, Lijun and Zhang, Huawei and Guo, Pengyan and Gao, Yuguo and Guo, Junkai},
    year         = 2022,
    publisher    = {MDPI},
    volume       = 12,
    number       = 21,
    pages        = 10741,
    journaltitle = {Applied Sciences},
    keywords     = {chapter_tracking}
}

@article{gurbaxani2018traits,
    title        = {Traits \& transferability of adversarial examples against instance segmentation \& object detection},
    author       = {Gurbaxani, Raghav and Mishra, Shivank},
    year         = 2018,
    journaltitle = {arXiv preprint arXiv:1808.01452},
    keywords     = {chapter_detection}
}

@article{hashemi2020transferable,
    title        = {Transferable universal adversarial perturbations using generative models},
    author       = {Hashemi, Atiye Sadat and Bär, Andreas and Mozaffari, Saeed and Fingscheidt, Tim},
    year         = 2020,
    journaltitle = {arXiv preprint arXiv:2010.14919},
    keywords     = {chapter_detection}
}

@inproceedings{he2018twofold,
    title        = {A twofold siamese network for real-time object tracking},
    author       = {He, Anfeng and Luo, Chong and Tian, Xinmei and Zeng, Wenjun},
    year         = 2018,
    booktitle    = {IEEE Conference on Computer Vision and Pattern Recognition (CVPR)},
    pages        = {4834--4843}
}

@inproceedings{he2017mask,
    title        = {Mask r-cnn},
    author       = {He, Kaiming and Gkioxari, Georgia and Dollár, Piotr and Girshick, Ross},
    year         = 2017,
    booktitle    = {IEEE International Conference on Computer Vision (ICCV)},
    pages        = {2961--2969},
    keywords     = {chapter_detection}
}

@inproceedings{he2016deep,
    title        = {Deep residual learning for image recognition},
    author       = {He, Kaiming and Zhang, Xiangyu and Ren, Shaoqing and Sun, Jian},
    year         = 2016,
    booktitle    = {IEEE Conference on Computer Vision and Pattern Recognition (CVPR)},
    pages        = {770--778},
    keywords     = {chapter_classification}
}

@article{hoory2020dynamic,
    title        = {Dynamic adversarial patch for evading object detection models},
    author       = {Hoory, Shahar and Shapira, Tzvika and Shabtai, Asaf and Elovici, Yuval},
    year         = 2020,
    journaltitle = {arXiv preprint arXiv:2010.13070},
    keywords     = {chapter_detection,chapter_patch}
}

@article{howard2017mobilenets,
    title        = {Mobilenets: Efficient convolutional neural networks for mobile vision applications},
    author       = {Howard, Andrew G and Zhu, Menglong and Chen, Bo and Kalenichenko, Dmitry and Wang, Weijun and Weyand, Tobias and Andreetto, Marco and Adam, Hartwig},
    year         = 2017,
    journaltitle = {arXiv preprint arXiv:1704.04861},
    keywords     = {chapter_classification}
}

@inproceedings{hu2021naturalistic,
    title        = {Naturalistic physical adversarial patch for object detectors},
    author       = {Hu, Yu-Chih-Tuan and Kung, Bo-Han and Tan, Daniel Stanley and Chen, Jun-Cheng and Hua, Kai-Lung and Cheng, Wen-Huang},
    year         = 2021,
    booktitle    = {IEEE International Conference on Computer Vision (ICCV)},
    pages        = {7848--7857}
}

@article{hu2022monocular,
    title        = {Monocular quasi-dense 3d object tracking},
    author       = {Hu, Hou-Ning and Yang, Yung-Hsu and Fischer, Tobias and Darrell, Trevor and Yu, Fisher and Sun, Min},
    year         = 2022,
    publisher    = {IEEE},
    volume       = 45,
    number       = 2,
    pages        = {1992--2008},
    journaltitle = {IEEE Transactions on Pattern Analysis and Machine Intelligence},
    keywords     = {chapter_tracking}
}

@inproceedings{huang2021rpattack,
    title        = {Rpattack: Refined patch attack on general object detectors},
    author       = {Huang, Hao and Wang, Yongtao and Chen, Zhaoyu and Tang, Zhi and Zhang, Wenqiang and Ma, Kai-Kuang},
    year         = 2021,
    booktitle    = {IEEE International Conference on Multimedia and Expo (ICME)},
    pages        = {1--6},
    keywords     = {chapter_patch}
}

@inproceedings{ilyas2018black,
    title        = {Black-box adversarial attacks with limited queries and information},
    author       = {Ilyas, Andrew and Engstrom, Logan and Athalye, Anish and Lin, Jessy},
    year         = 2018,
    booktitle    = {International Conference on Machine Learning (ICML)},
    pages        = {2137--2146},
    keywords     = {chapter_classification}
}

@article{ilyas2018prior,
    title        = {Prior convictions: Black-box adversarial attacks with bandits and priors},
    author       = {Ilyas, Andrew and Engstrom, Logan and Madry, Aleksander},
    year         = 2018,
    journaltitle = {arXiv preprint arXiv:1807.07978},
    keywords     = {chapter_classification,chapter_detection}
}

@article{jaafra2019seeking,
    title        = {Seeking for robustness in reinforcement learning: application on Carla simulator},
    author       = {Jaafra, Yesmina and Laurent, Jean Luc and Deruyver, Aline and Naceur, Mohamed Saber},
    year         = 2019,
    keywords     = {chapter_driving}
}

@inproceedings{jansari2013real,
    title        = {Real-time object tracking using color-based probability matching},
    author       = {Jansari, Deval and Parmar, Shankar and Saha, Geetali},
    year         = 2013,
    booktitle    = {IEEE International Conference on Signal Processing, Computing and Control (ISPCC)},
    pages        = {1--6}
}

@inproceedings{jia2021iou,
    title        = {Iou attack: Towards temporally coherent black-box adversarial attack for visual object tracking},
    author       = {Jia, Shuai and Song, Yibing and Ma, Chao and Yang, Xiaokang},
    year         = 2021,
    booktitle    = {IEEE Conference on Computer Vision and Pattern Recognition (CVPR)},
    pages        = {6709--6718}
}

@inproceedings{jia2020fooling,
    title        = {Fooling detection alone is not enough: Adversarial attack against multiple object tracking},
    author       = {Jia, Yunhan Jia and Lu, Yantao and Shen, Junjie and Chen, Qi Alfred and Chen, Hao and Zhong, Zhenyu and Wei, Tao Wei},
    year         = 2020,
    booktitle    = {International Conference on Learning Representations (ICLR)}
}

@inproceedings{jiang2019black,
    title        = {Black-box adversarial attacks on video recognition models},
    author       = {Jiang, Linxi and Ma, Xingjun and Chen, Shaoxiang and Bailey, James and Jiang, Yu-Gang},
    year         = 2019,
    booktitle    = {The 27th ACM International Conference on Multimedia},
    pages        = {864--872}
}

@inproceedings{1286725,
    title        = {Applying continuous action reinforcement learning automata (CARLA) to global training of hidden Markov models},
    author       = {Kabudian, J. and Meybodi, M.R. and Homayounpour, M.M.},
    year         = 2004,
    booktitle    = {International Conference on Information Technology: Coding and Computing (ITCC)},
    volume       = 2,
    pages        = {638--642},
    keywords     = {chapter_driving}
}

@inproceedings{krebs2017survey,
    title        = {A survey on leveraging deep neural networks for object tracking},
    author       = {Krebs, Sebastian and Duraisamy, Bharanidhar and Flohr, Fabian},
    year         = 2017,
    booktitle    = {IEEE International Conference on Intelligent Transportation Systems (ITSC)},
    pages        = {411--418},
    keywords     = {chapter_tracking}
}

@incollection{kurakin2018adversarial,
    title        = {Adversarial examples in the physical world},
    author       = {Kurakin, Alexey and Goodfellow, Ian J and Bengio, Samy},
    year         = 2018,
    booktitle    = {Artificial intelligence safety and security},
    publisher    = {Chapman and Hall/CRC},
    pages        = {99--112},
    keywords     = {chapter_detection}
}

@article{kwee2020chest,
    title        = {Chest CT in COVID-19: what the radiologist needs to know},
    author       = {Kwee, Thomas C and Kwee, Robert M},
    year         = 2020,
    publisher    = {Radiological Society of North America},
    volume       = 40,
    number       = 7,
    pages        = {1848--1865},
    journaltitle = {Radiographics}
}

@article{lee2019physical,
    title        = {On physical adversarial patches for object detection},
    author       = {Lee, Mark and Kolter, Zico},
    year         = 2019,
    journaltitle = {arXiv preprint arXiv:1906.11897},
    keywords     = {chapter_detection,chapter_patch}
}

@inproceedings{li2019siamrpn++,
    title        = {Siamrpn++: Evolution of siamese visual tracking with very deep networks},
    author       = {Li, Bo and Wu, Wei and Wang, Qiang and Zhang, Fangyi and Xing, Junliang and Yan, Junjie},
    year         = 2019,
    booktitle    = {IEEE Conference on Computer Vision and Pattern Recognition (CVPR)},
    pages        = {4282--4291},
    keywords     = {chapter_tracking}
}

@article{li2021universal,
    title        = {Universal adversarial perturbations against object detection},
    author       = {Li, Debang and Zhang, Junge and Huang, Kaiqi},
    year         = 2021,
    publisher    = {Elsevier},
    volume       = 110,
    pages        = 107584,
    journaltitle = {Pattern Recognition},
    keywords     = {chapter_detection}
}

@inproceedings{li2022survey,
    title        = {A Survey on Optical Adversarial Examples Against DNNs},
    author       = {Li, Haiyan and Bai, Bing and Xiao, Geyang},
    year         = 2022,
    booktitle    = {IEEE International Conference on Data-driven Optimization of Complex Systems (DOCS)},
    pages        = {1--6},
    keywords     = {chapter_patch}
}

@inproceedings{li2019adversarial,
    title        = {Adversarial camera stickers: A physical camera-based attack on deep learning systems},
    author       = {Li, Juncheng and Schmidt, Frank and Kolter, Zico},
    year         = 2019,
    booktitle    = {International Conference on Machine Learning (ICML)},
    pages        = {3896--3904},
    keywords     = {chapter_detection}
}

@article{li2022review,
    title        = {A review of adversarial attack and defense for classification methods},
    author       = {Li, Yao and Cheng, Minhao and Hsieh, Cho-Jui and Lee, Thomas CM},
    year         = 2022,
    publisher    = {Taylor \& Francis},
    volume       = 76,
    number       = 4,
    pages        = {329--345},
    journaltitle = {The American Statistician},
    keywords     = {chapter_driving}
}

@article{li2022few,
    title        = {Few-shot backdoor attacks on visual object tracking},
    author       = {Li, Yiming and Zhong, Haoxiang and Ma, Xingjun and Jiang, Yong and Xia, Shu-Tao},
    year         = 2022,
    journaltitle = {arXiv preprint arXiv:2201.13178}
}

@inproceedings{liang2020efficient,
    title        = {Efficient adversarial attacks for visual object tracking},
    author       = {Liang, Siyuan and Wei, Xingxing and Yao, Siyuan and Cao, Xiaochun},
    year         = 2020,
    booktitle    = {IEEE European Conference on Computer Vision (ECCV)},
    pages        = {34--50},
    organization = {Springer},
    keywords     = {chapter_tracking}
}

@inproceedings{liao2021transferable,
    title        = {Transferable Adversarial Examples for Anchor Free Object Detection},
    author       = {Liao, Quanyu and Wang, Xin and Kong, Bin and Lyu, Siwei and Zhu, Bin and Yin, Youbing and Song, Qi and Wu, Xi},
    year         = 2021,
    booktitle    = {IEEE International Conference on Multimedia and Expo (ICME)},
    pages        = {1--6},
    keywords     = {chapter_detection}
}

@article{lin2021tracklet,
    title        = {Tracklet-Switch Adversarial Attack against Pedestrian Multi-Object Tracking Trackers},
    author       = {Lin, Delv and Chen, Qi and Zhou, Chengyu and He, Kun},
    year         = 2021,
    journaltitle = {arXiv preprint arXiv:2111.08954}
}

@article{lin2021trasw,
    title        = {TraSw: Tracklet-Switch Adversarial Attacks against Multi-Object Tracking},
    author       = {Lin, Delv and Chen, Qi and Zhou, Chengyu and He, Kun},
    year         = 2021,
    journaltitle = {arXiv preprint arXiv:2111.08954},
    keywords     = {chapter_tracking}
}

@inproceedings{mscoco2014,
    title        = {Microsoft COCO: Common Objects in Context},
    author       = {Lin, Tsung-Yi and Maire, Michael and Belongie, Serge and Hays, James and Perona, Pietro and Ramanan, Deva and Doll{\'a}r, Piotr and Zitnick, C Lawrence},
    year         = 2014,
    booktitle    = {IEEE European Conference on Computer Vision (ECCV)},
    pages        = {740--755},
    keywords     = {chapter_detection}
}

@article{liu2022imperceptible,
    title        = {Imperceptible transfer attack and defense on 3d point cloud classification},
    author       = {Liu, Daizong and Hu, Wei},
    year         = 2022,
    publisher    = {IEEE},
    volume       = 45,
    number       = 4,
    pages        = {4727--4746},
    journaltitle = {IEEE Transactions on Pattern Analysis and Machine Intelligence}
}

@inproceedings{liu2022order,
    title        = {Order-Disorder: Imitation Adversarial Attacks for Black-box Neural Ranking Models},
    author       = {Liu, Jiawei and Kang, Yangyang and Tang, Di and Song, Kaisong and Sun, Changlong and Wang, Xiaofeng and Lu, Wei and Liu, Xiaozhong},
    year         = 2022,
    booktitle    = {ACM SIGSAC Conference on Computer and Communications Security (ACM CCS)},
    pages        = {2025--2039}
}

@inproceedings{liu2022multi,
    title        = {Multi-object tracking meets moving UAV},
    author       = {Liu, Shuai and Li, Xin and Lu, Huchuan and He, You},
    year         = 2022,
    booktitle    = {IEEE Conference on Computer Vision and Pattern Recognition (CVPR)},
    pages        = {8876--8885}
}

@inproceedings{liu2022efficient,
    title        = {Efficient universal shuffle attack for visual object tracking},
    author       = {Liu, Siao and Chen, Zhaoyu and Li, Wei and Zhu, Jiwei and Wang, Jiafeng and Zhang, Wenqiang and Gan, Zhongxue},
    year         = 2022,
    booktitle    = {IEEE International Conference on Acoustics, Speech and Signal Processing (ICASSP)},
    pages        = {2739--2743}
}

@inproceedings{liu2016ssd,
    title        = {Ssd: Single shot multibox detector},
    author       = {Liu, Wei and Anguelov, Dragomir and Erhan, Dumitru and Szegedy, Christian and Reed, Scott and Fu, Cheng-Yang and Berg, Alexander C},
    year         = 2016,
    booktitle    = {IEEE European Conference on Computer Vision (ECCV)},
    pages        = {21--37},
    keywords     = {chapter_detection}
}

@inproceedings{liu2022practical,
    title        = {A practical man-in-the-middle attack on deep learning edge device by sparse light strip injection into camera data lane},
    author       = {Liu, Wenye and He, Weiyang and Hu, Bowen and Chang, Chip-Hong},
    year         = 2022,
    booktitle    = {IEEE International System-on-Chip Conference (SOCC)},
    pages        = {1--6}
}

@article{liu2018dpatch,
    title        = {Dpatch: An adversarial patch attack on object detectors},
    author       = {Liu, Xin and Yang, Huanrui and Liu, Ziwei and Song, Linghao and Li, Hai and Chen, Yiran},
    year         = 2018,
    journaltitle = {arXiv preprint arXiv:1806.02299},
    keywords     = {chapter_detection,chapter_patch}
}

@inproceedings{LuSFF17,
    title        = {NO Need to Worry about Adversarial Examples in Object Detection in Autonomous Vehicles},
    author       = {Lu, Jiajun and Sibai, Hussein and Fabry, Evan and Forsyth, David A.},
    year         = 2017,
    booktitle    = {IEEE Conference on Computer Vision and Pattern Recognition (CVPR)},
    keywords     = {chapter_detection}
}

@article{lu2021scale,
    title        = {Scale-adaptive adversarial patch attack for remote sensing image aircraft detection},
    author       = {Lu, Mingming and Li, Qi and Chen, Li and Li, Haifeng},
    year         = 2021,
    publisher    = {MDPI},
    volume       = 13,
    number       = 20,
    pages        = 4078,
    journaltitle = {Remote Sensing},
    keywords     = {chapter_patch}
}

@article{Luiten2020IJCV,
    title        = {HOTA: A Higher Order Metric for Evaluating Multi-Object Tracking},
    author       = {Luiten, Jonathon and Osep, Aljosa and Dendorfer, Patrick and Torr, Philip and Geiger, Andreas and Leal-Taixe, Laura and Leibe, Bastian},
    year         = 2020,
    journaltitle = {International Journal of Computer Vision (IJCV)}
}

@incollection{lundberg2017unified,
    title        = {A Unified Approach to Interpreting Model Predictions},
    author       = {Lundberg, Scott M and Lee, Su-In},
    year         = 2017,
    booktitle    = {Advances in Neural Information Processing Systems 30},
    publisher    = {Curran Associates, Inc.},
    pages        = {4765--4774},
    editor       = {Guyon, I. and Luxburg, U. V. and Bengio, S. and Wallach, H. and Fergus, R. and Vishwanathan, S. and Garnett, R.},
    keywords     = {chapter_defence}
}

@article{luss2019generating,
    title        = {Generating contrastive explanations with monotonic attribute functions},
    author       = {Luss, Ronny and Chen, Pin-Yu and Dhurandhar, Amit and Sattigeri, Prasanna and Zhang, Yunfeng and Shanmugam, Karthikeyan and Tu, Chun-Chen},
    year         = 2019,
    journaltitle = {arXiv preprint arXiv:1905.12698},
    keywords     = {chapter_defence}
}

@article{ma2023transferable,
    title        = {Transferable black-box attack against face recognition with spatial mutable adversarial patch},
    author       = {Ma, Haotian and Xu, Ke and Jiang, Xinghao and Zhao, Zeyu and Sun, Tanfeng},
    year         = 2023,
    publisher    = {IEEE},
    journaltitle = {IEEE Transactions on Information Forensics and Security}
}

@article{ros,
    title        = {Robot Operating System 2: Design, architecture, and uses in the wild},
    author       = {Macenski, Steven and Foote, Tully and Gerkey, Brian and Lalancette, Chris and Woodall, William},
    year         = 2022,
    volume       = 7,
    number       = 66,
    journaltitle = {Science Robotics},
    keywords     = {chapter_driving}
}

@article{madry2017towards,
    title        = {Towards deep learning models resistant to adversarial attacks},
    author       = {Madry, Aleksander and Makelov, Aleksandar and Schmidt, Ludwig and Tsipras, Dimitris and Vladu, Adrian},
    year         = 2017,
    journaltitle = {arXiv preprint arXiv:1706.06083},
    keywords     = {chapter_intro,chapter_driving,chapter_classification}
}

@inproceedings{madryMSTV18,
    title        = {Towards Deep Learning Models Resistant to Adversarial Attacks},
    author       = {Madry, Aleksander and Makelov, Aleksandar and Schmidt, Ludwig and Tsipras, Dimitris and Vladu, Adrian},
    year         = 2018,
    booktitle    = {International Conference on Learning Representations (ICLR)},
    keywords     = {chapter_detection}
}

@article{maier2018gentle,
    title        = {A gentle introduction to deep learning in medical image processing},
    author       = {Maier, Andreas and Syben, Christopher and Lasser, Tobias and Riess, Christian},
    year         = 2019,
    volume       = 29,
    number       = 2,
    pages        = {86--101},
    issn         = {0939-3889},
    note         = {Special Issue: Deep Learning in Medical Physics},
    journaltitle = {Zeitschrift für Medizinische Physik}
}

@article{matsuyama2020deep,
    title        = {A Deep Learning Interpretable Model for Novel Coronavirus Disease (COVID-19) Screening with Chest CT Images},
    author       = {Matsuyama, Eri and others},
    year         = 2020,
    publisher    = {Scientific Research Publishing},
    volume       = 13,
    number       = {07},
    pages        = 140,
    journaltitle = {Journal of Biomedical Science and Engineering}
}

@inproceedings{Millnert2020,
    title        = {HoloScale: horizontal and vertical scaling of cloud resources},
    author       = {Millnert, Victor and Eker, Johan},
    year         = 2020,
    booktitle    = {IEEE International Conference on Utility and Cloud Computing (UCC)},
    pages        = {196--205},
    keywords     = {chapter_classification}
}

@article{miyato2015distributional,
    title        = {Distributional smoothing with virtual adversarial training},
    author       = {Miyato, Takeru and Maeda, Shin-ichi and Koyama, Masanori and Nakae, Ken and Ishii, Shin},
    year         = 2015,
    journaltitle = {arXiv preprint arXiv:1507.00677},
    keywords     = {chapter_detection}
}

@book{molnar2019,
    title        = {Interpretable Machine Learning},
    author       = {Molnar, Christoph},
    year         = 2022,
    url          = {https://christophm.github.io/interpretable-ml-book},
    edition      = 2,
    keywords     = {chapter_defence},
    subtitle     = {A Guide for Making Black Box Models Explainable}
}

@article{Montavon_2018,
    title        = {Methods for interpreting and understanding deep neural networks},
    author       = {Montavon, Grégoire and Samek, Wojciech and Müller, Klaus-Robert},
    year         = 2018,
    publisher    = {Elsevier BV},
    volume       = 73,
    pages        = {1--15},
    issn         = {1051-2004},
    journaltitle = {Digital Signal Processing}
}

@inproceedings{moon2019parsimonious,
    title        = {Parsimonious Black-Box Adversarial Attacks via Efficient Combinatorial Optimization},
    author       = {Moon, Seungyong and An, Gaon and Song, Hyun Oh},
    year         = 2019,
    booktitle    = {International Conference on Machine Learning (ICML)},
    volume       = 97,
    pages        = {4636--4645},
    keywords     = {chapter_classification}
}

@misc{moore2020fiftyone,
    title        = {FiftyOne},
    author       = {Moore, B. E. and Corso, J. J.},
    year         = 2020,
    url          = {https://github.com/voxel51/fiftyone},
    keywords     = {chapter_classification,chapter_detection}
}

@inproceedings{moosavi2017universal,
    title        = {Universal adversarial perturbations},
    author       = {Moosavi-Dezfooli, Seyed-Mohsen and Fawzi, Alhussein and Fawzi, Omar and Frossard, Pascal},
    year         = 2017,
    booktitle    = {IEEE Conference on Computer Vision and Pattern Recognition (CVPR)},
    pages        = {1765--1773},
    keywords     = {chapter_driving}
}

@inproceedings{moosavi2016deepfool,
    title        = {Deepfool: a simple and accurate method to fool deep neural networks},
    author       = {Moosavi-Dezfooli, Seyed-Mohsen and Fawzi, Alhussein and Frossard, Pascal},
    year         = 2016,
    booktitle    = {IEEE Conference on Computer Vision and Pattern Recognition (CVPR)},
    pages        = {2574--2582},
    keywords     = {chapter_driving}
}

@article{mu2024enhancing,
    title        = {Enhancing robustness in video recognition models: Sparse adversarial attacks and beyond},
    author       = {Mu, Ronghui and Marcolino, Leandro and Ni, Qiang and Ruan, Wenjie},
    year         = 2024,
    publisher    = {Elsevier},
    volume       = 171,
    pages        = {127--143},
    journaltitle = {Neural Networks}
}

@inproceedings{NIPS2005_fdf1bc56,
    title        = {Off-Road Obstacle Avoidance through End-to-End Learning},
    author       = {Muller, Urs and Ben, Jan and Cosatto, Eric and Flepp, Beat and Cun, Yann},
    year         = 2006,
    booktitle    = {Advances in Neural Information Processing Systems},
    volume       = 18,
    keywords     = {chapter_driving}
}

@article{nguyen2018adversarial,
    title        = {Adversarial attacks, regression, and numerical stability regularization},
    author       = {Nguyen, Andre T and Raff, Edward},
    year         = 2018,
    journaltitle = {arXiv preprint arXiv:1812.02885},
    keywords     = {chapter_driving}
}

@article{nimier2019mitsuba,
    title        = {Mitsuba 2: A retargetable forward and inverse renderer},
    author       = {Nimier-David, Merlin and Vicini, Delio and Zeltner, Tizian and Jakob, Wenzel},
    year         = 2019,
    publisher    = {ACM New York, NY, USA},
    volume       = 38,
    number       = 6,
    pages        = {1--17},
    journaltitle = {ACM Transactions on Graphics (TOG)}
}

@article{ninh2024collabmot,
    title        = {CollabMOT Stereo Camera Collaborative Multi Object Tracking},
    author       = {Ninh, Phu and Kim, Hyungwon},
    year         = 2024,
    publisher    = {IEEE},
    journaltitle = {IEEE Access}
}

@article{pal2021deep,
    title        = {Deep learning in multi-object detection and tracking: state of the art},
    author       = {Pal, Sankar K and Pramanik, Anima and Maiti, Jhareswar and Mitra, Pabitra},
    year         = 2021,
    publisher    = {Springer},
    volume       = 51,
    pages        = {6400--6429},
    journaltitle = {Applied Intelligence},
    keywords     = {chapter_tracking}
}

@article{pang2024blinding,
    title        = {Blinding and blurring the multi-object tracker with adversarial perturbations},
    author       = {Pang, Haibo and Ma, Rongqi and Su, Jie and Liu, Chengming and Gao, Yufei and Jin, Qun},
    year         = 2024,
    publisher    = {Elsevier},
    pages        = 106331,
    journaltitle = {Neural Networks}
}

@article{papernot2016transferability,
    title        = {Transferability in machine learning: from phenomena to black-box attacks using adversarial samples},
    author       = {Papernot, Nicolas and McDaniel, Patrick and Goodfellow, Ian},
    year         = 2016,
    journaltitle = {arXiv preprint arXiv:1605.07277},
    keywords     = {chapter_detection}
}

@article{scikit-learn,
    title        = {Scikit-learn: Machine Learning in {P}ython},
    author       = {Pedregosa, F. and Varoquaux, G. and Gramfort, A. and Michel, V. and Thirion, B. and Grisel, O. and Blondel, M. and Prettenhofer, P. and Weiss, R. and Dubourg, V. and Vanderplas, J. and Passos, A. and Cournapeau, D. and Brucher, M. and Perrot, M. and Duchesnay, E.},
    year         = 2011,
    volume       = 12,
    pages        = {2825--2830},
    journaltitle = {Journal of Machine Learning Research}
}

@article{pendleton2017perception,
    title        = {Perception, planning, control, and coordination for autonomous vehicles},
    author       = {Pendleton, Scott Drew and Andersen, Hans and Du, Xinxin and Shen, Xiaotong and Meghjani, Malika and Eng, You Hong and Rus, Daniela and Ang, Marcelo H},
    year         = 2017,
    publisher    = {Multidisciplinary Digital Publishing Institute},
    volume       = 5,
    number       = 1,
    pages        = 6,
    journaltitle = {Machines},
    keywords     = {chapter_intro}
}

@article{perez2022deep,
    title        = {Deep reinforcement learning based control for Autonomous Vehicles in CARLA},
    author       = {Pérez-Gil, Óscar and Barea, Rafael and López-Guillén, Elena and Bergasa, Luis M and Gomez-Huelamo, Carlos and Gutiérrez, Rodrigo and Diaz-Diaz, Alejandro},
    year         = 2022,
    publisher    = {Springer},
    volume       = 81,
    number       = 3,
    pages        = {3553--3576},
    journaltitle = {Multimedia Tools and Applications},
    keywords     = {chapter_driving}
}

@inproceedings{pham2021meta,
    title        = {Meta pseudo labels},
    author       = {Pham, Hieu and Dai, Zihang and Xie, Qizhe and Le, Quoc V},
    year         = 2021,
    booktitle    = {IEEE Conference on Computer Vision and Pattern Recognition (CVPR)},
    pages        = {11557--11568},
    keywords     = {chapter_classification}
}

@inproceedings{NIPS1988_812b4ba2,
    title        = {ALVINN: An Autonomous Land Vehicle in a Neural Network},
    author       = {Pomerleau, Dean A.},
    year         = 1989,
    booktitle    = {Advances in Neural Information Processing Systems},
    volume       = 1,
    keywords     = {chapter_driving}
}

@inproceedings{Prakash2021CVPR,
    title        = {Multi-modal fusion transformer for end-to-end autonomous driving},
    author       = {Prakash, Aditya and Chitta, Kashyap and Geiger, Andreas},
    year         = 2021,
    booktitle    = {IEEE Conference on Computer Vision and Pattern Recognition (CVPR)},
    pages        = {7077--7087},
    keywords     = {chapter_driving}
}

@article{Pranata387,
    title        = {Elevated N-terminal pro-brain natriuretic peptide is associated with increased mortality in patients with COVID-19: systematic review and meta-analysis},
    author       = {Pranata, Raymond and Huang, Ian and Lukito, Antonia Anna and Raharjo, Sunu Budhi},
    year         = 2020,
    publisher    = {The Fellowship of Postgraduate Medicine},
    volume       = 96,
    number       = 1137,
    pages        = {387--391},
    journaltitle = {Postgraduate Medical Journal}
}

@inproceedings{qin2019imperceptible,
    title        = {Imperceptible, robust, and targeted adversarial examples for automatic speech recognition},
    author       = {Qin, Yao and Carlini, Nicholas and Cottrell, Garrison and Goodfellow, Ian and Raffel, Colin},
    year         = 2019,
    booktitle    = {International Conference on Machine Learning (ICML)},
    pages        = {5231--5240},
    keywords     = {chapter_detection}
}

@inproceedings{rahmati2020geoda,
    title        = {Geoda: a geometric framework for black-box adversarial attacks},
    author       = {Rahmati, Ali and Moosavi-Dezfooli, Seyed-Mohsen and Frossard, Pascal and Dai, Huaiyu},
    year         = 2020,
    booktitle    = {IEEE Conference on Computer Vision and Pattern Recognition (CVPR)},
    pages        = {8446--8455}
}

@article{ramch2020deepcovidnet,
    title        = {DeepCOVIDNet: An Interpretable Deep Learning Model for Predictive Surveillance of COVID-19 Using Heterogeneous Features and Their Interactions},
    author       = {{Ramchandani}, A. and {Fan}, C. and {Mostafavi}, A.},
    year         = 2020,
    volume       = 8,
    pages        = {159915--159930},
    journaltitle = {IEEE Access}
}

@article{ravi2020pytorch3d,
    title        = {Accelerating 3D Deep Learning with PyTorch3D},
    author       = {Ravi, Nikhila and Reizenstein, Jeremy and Novotny, David and Gordon, Taylor and Lo, Wan-Yen and Johnson, Justin and Gkioxari, Georgia},
    year         = 2020,
    journaltitle = {arXiv:2007.08501}
}

@inproceedings{redmon2016you,
    title        = {You only look once: Unified, real-time object detection},
    author       = {Redmon, Joseph and Divvala, Santosh and Girshick, Ross and Farhadi, Ali},
    year         = 2016,
    booktitle    = {IEEE Conference on Computer Vision and Pattern Recognition (CVPR)},
    pages        = {779--788},
    keywords     = {chapter_detection}
}

@article{redmon2018yolov3,
    title        = {Yolov3: An incremental improvement},
    author       = {Redmon, Joseph and Farhadi, Ali},
    year         = 2018,
    journaltitle = {arXiv preprint arXiv:1804.02767},
    keywords     = {chapter_detection}
}

@article{REN2020346,
    title        = {Adversarial Attacks and Defenses in Deep Learning},
    author       = {Ren, Kui and Zheng, Tianhang and Qin, Zhan and Liu, Xue},
    year         = 2020,
    volume       = 6,
    number       = 3,
    pages        = {346--360},
    issn         = {2095-8099},
    journaltitle = {Engineering},
    keywords     = {chapter_intro,chapter_driving}
}

@article{ren2015faster,
    title        = {Faster r-cnn: Towards real-time object detection with region proposal networks},
    author       = {Ren, Shaoqing and He, Kaiming and Girshick, Ross and Sun, Jian},
    year         = 2015,
    volume       = 28,
    journaltitle = {Advances in Neural Information Processing Systems},
    keywords     = {chapter_detection}
}

@inproceedings{ribeiro2016i,
    title        = {"Why Should I Trust You?": Explaining the Predictions of Any Classifier},
    author       = {Ribeiro, Marco Tulio and Singh, Sameer and Guestrin, Carlos},
    year         = 2016,
    booktitle    = {ACM International Conference on Knowledge Discovery and Data Mining (ACM KDD)},
    publisher    = {Association for Computing Machinery},
    series       = {KDD '16},
    pages        = {1135--1144},
    isbn         = 9781450342322,
    keywords     = {black box classifier,interpretability,explaining machine learning,interpretable machine learning}
}

@article{ribeiro2016modelagnostic,
    title        = {Model-agnostic interpretability of machine learning},
    author       = {Ribeiro, Marco Tulio and Singh, Sameer and Guestrin, Carlos},
    year         = 2016,
    journaltitle = {arXiv preprint arXiv:1606.05386}
}

@inproceedings{Ribeiro2018AnchorsHM,
    title        = {Anchors: High-Precision Model-Agnostic Explanations},
    author       = {Ribeiro, Marco Tulio and Singh, Sameer and Guestrin, Carlos},
    year         = 2018,
    booktitle    = {AAAI Conference on Artificial Intelligence}
}

@inproceedings{ristani2016performance,
    title        = {Performance measures and a data set for multi-target, multi-camera tracking},
    author       = {Ristani, Ergys and Solera, Francesco and Zou, Roger and Cucchiara, Rita and Tomasi, Carlo},
    year         = 2016,
    booktitle    = {IEEE European Conference on Computer Vision (ECCV)},
    pages        = {17--35}
}

@inproceedings{rong2020lgsvl,
    title        = {Lgsvl simulator: A high fidelity simulator for autonomous driving},
    author       = {Rong, Guodong and Shin, Byung Hyun and Tabatabaee, Hadi and Lu, Qiang and Lemke, Steve and Možeiko, Mārtiņš and Boise, Eric and Uhm, Geehoon and Gerow, Mark and Mehta, Shalin and others},
    year         = 2020,
    booktitle    = {IEEE International Conference on Intelligent Transportation Systems (ITSC)},
    pages        = {1--6},
    keywords     = {chapter_intro}
}

@article{russakovsky2015imagenet,
    title        = {Imagenet large scale visual recognition challenge},
    author       = {Russakovsky, Olga and Deng, Jia and Su, Hao and Krause, Jonathan and Satheesh, Sanjeev and Ma, Sean and Huang, Zhiheng and Karpathy, Andrej and Khosla, Aditya and Bernstein, Michael and others},
    year         = 2015,
    volume       = 115,
    number       = 3,
    pages        = {211--252},
    journaltitle = {International Journal of Computer Vision},
    keywords     = {chapter_classification}
}

@article{sabour2015adversarial,
    title        = {Adversarial manipulation of deep representations},
    author       = {Sabour, Sara and Cao, Yanshuai and Faghri, Fartash and Fleet, David J},
    year         = 2015,
    journaltitle = {arXiv preprint arXiv:1511.05122},
    keywords     = {chapter_detection}
}

@inproceedings{saha2020role,
    title        = {Role of spatial context in adversarial robustness for object detection},
    author       = {Saha, Aniruddha and Subramanya, Akshayvarun and Patil, Koninika and Pirsiavash, Hamed},
    year         = 2020,
    booktitle    = {IEEE Conference on Computer Vision and Pattern Recognition Workshops (CVPRW)},
    pages        = {784--785}
}

@inproceedings{gbtrees,
    title        = {From isolation to cooperation: An alternative view of a system of experts},
    author       = {Schaal, Stefan and Atkeson, Christopher C.},
    year         = 1996,
    booktitle    = {Advances in Neural Information Processing Systems 8},
    publisher    = {MIT Press},
    pages        = {605--611}
}

@inproceedings{airsim2017fsr,
    title        = {Airsim: High-fidelity visual and physical simulation for autonomous vehicles},
    author       = {Shah, Shital and Dey, Debadeepta and Lovett, Chris and Kapoor, Ashish},
    year         = 2018,
    booktitle    = {Field and service robotics},
    pages        = {621--635},
    organization = {Springer},
    keywords     = {chapter_intro,chapter_driving}
}

@article{shapley_1953,
    title        = {A Value for n-Person Games},
    author       = {Shapley, L. S.},
    year         = 1953,
    pages        = {307--318},
    journaltitle = {Contributions to the Theory of Games (AM-28)},
    keywords     = {chapter_defence}
}

@article{simonyan2014very,
    title        = {Very deep convolutional networks for large-scale image recognition},
    author       = {Simonyan, Karen and Zisserman, Andrew},
    year         = 2014,
    journaltitle = {arXiv preprint arXiv:1409.1556},
    keywords     = {chapter_classification}
}

@article{soleimanitaleb2022single,
    title        = {Single object tracking: A survey of methods, datasets, and evaluation metrics},
    author       = {Soleimanitaleb, Zahra and Keyvanrad, Mohammad Ali},
    year         = 2022,
    journaltitle = {arXiv preprint arXiv:2201.13066}
}

@inproceedings{song2018physical,
    title        = {Physical adversarial examples for object detectors},
    author       = {Song, Dawn and Eykholt, Kevin and Evtimov, Ivan and Fernandes, Earlence and Li, Bo and Rahmati, Amir and Tramer, Florian and Prakash, Atul and Kohno, Tadayoshi},
    year         = 2018,
    booktitle    = {USENIX Workshop on Offensive Technologies (WOOT)},
    keywords     = {chapter_patch}
}

@article{sun2020survey,
    title        = {A survey of multiple pedestrian tracking based on tracking-by-detection framework},
    author       = {Sun, Zhihong and Chen, Jun and Chao, Liang and Ruan, Weijian and Mukherjee, Mithun},
    year         = 2020,
    publisher    = {IEEE},
    volume       = 31,
    number       = 5,
    pages        = {1819--1833},
    journaltitle = {IEEE Transactions on Circuits and Systems for Video Technology},
    keywords     = {chapter_tracking}
}

@article{suttapak2022diminishing,
    title        = {Diminishing-feature attack: The adversarial infiltration on visual tracking},
    author       = {Suttapak, Wattanapong and Zhang, Jianfu and Zhang, Liqing},
    year         = 2022,
    publisher    = {Elsevier},
    volume       = 509,
    pages        = {21--33},
    journaltitle = {Neurocomputing}
}

@inproceedings{szegedy2016rethinking,
    title        = {Rethinking the inception architecture for computer vision},
    author       = {Szegedy, Christian and Vanhoucke, Vincent and Ioffe, Sergey and Shlens, Jon and Wojna, Zbigniew},
    year         = 2016,
    booktitle    = {IEEE Conference on Computer Vision and Pattern Recognition (CVPR)},
    pages        = {2818--2826},
    keywords     = {chapter_classification}
}

@article{szegedy2013intriguing,
    title        = {Intriguing properties of neural networks},
    author       = {Szegedy, Christian and Zaremba, Wojciech and Sutskever, Ilya and Bruna, Joan and Erhan, Dumitru and Goodfellow, Ian and Fergus, Rob},
    year         = 2013,
    journaltitle = {arXiv preprint arXiv:1312.6199}
}

@article{tampuu2020survey,
    title        = {A survey of end-to-end driving: Architectures and training methods},
    author       = {Tampuu, Ardi and Matiisen, Tambet and Semikin, Maksym and Fishman, Dmytro and Muhammad, Naveed},
    year         = 2020,
    journaltitle = {IEEE Transactions on Neural Networks and Learning Systems},
    keywords     = {chapter_driving}
}

@inproceedings{tan2019efficientnet,
    title        = {Efficientnet: Rethinking model scaling for convolutional neural networks},
    author       = {Tan, Mingxing and Le, Quoc},
    year         = 2019,
    booktitle    = {International conference on machine learning (ICML)},
    pages        = {6105--6114},
    keywords     = {chapter_classification}
}

@inproceedings{tao20233dhacker,
    title        = {3dhacker: Spectrum-based decision boundary generation for hard-label 3d point cloud attack},
    author       = {Tao, Yunbo and Liu, Daizong and Zhou, Pan and Xie, Yulai and Du, Wei and Hu, Wei},
    year         = 2023,
    booktitle    = {IEEE Conference on Computer Vision and Pattern Recognition (CVPR)},
    pages        = {14340--14350}
}

@inproceedings{threet2021physical,
    title        = {Physical Adversarial Attacks in Simulated Environments},
    author       = {Threet, Michael and Busho, Colin and Harguess, Josh and Jutras, Melanie and Lape, Nicole and Leary, Sara and Manville, Keith and Tan, Mike and Ward, Chris},
    year         = 2021,
    booktitle    = {IEEE Applied Imagery Pattern Recognition Workshop (AIPR)},
    pages        = {1--5},
    keywords     = {chapter_detection}
}

@inproceedings{thys2019fooling,
    title        = {Fooling Automated Surveillance Cameras: Adversarial Patches to Attack Person Detection},
    author       = {Thys, Simen and Ranst, Wiebe Van and Goedemé, Toon},
    year         = 2019,
    booktitle    = {IEEE Conference on Computer Vision and Pattern Recognition Workshops (CVPRW)},
    pages        = {49--55},
    keywords     = {chapter_patch}
}

@article{tokmakov2022object,
    title        = {Object permanence emerges in a random walk along memory},
    author       = {Tokmakov, Pavel and Jabri, Allan and Li, Jie and Gaidon, Adrien},
    year         = 2022,
    journaltitle = {arXiv preprint arXiv:2204.01784}
}

@inproceedings{tokmakov2021learning,
    title        = {Learning to track with object permanence},
    author       = {Tokmakov, Pavel and Li, Jie and Burgard, Wolfram and Gaidon, Adrien},
    year         = 2021,
    booktitle    = {IEEE Conference on Computer Vision and Pattern Recognition (CVPR)},
    pages        = {10860--10869}
}

@inproceedings{msml,
    title        = {Adversarial Attacks Against Linear and Deep-Learning Regressions in Astronomy},
    author       = {Villar, Soledad and Hogg, David W. and Huang, Ningyuan and Martin, Zacharie and Wang, Shuyang and Scanlon, Gregory},
    year         = 2019,
    booktitle    = {The 1st Annual Conference on Mathematical and Scientific Machine Learning},
    keywords     = {chapter_driving}
}

@article{vo2015multitarget,
    title        = {Multitarget tracking},
    author       = {Vo, Ba-ngu and Mallick, Mahendra and Bar-Shalom, Yaakov and Coraluppi, Stefano and Mahler, Ronald and Vo, Ba-tuong},
    year         = 2015,
    journaltitle = {Wiley encyclopedia of electrical and electronics engineering},
    keywords     = {chapter_tracking}
}

@inproceedings{wang2022black,
    title        = {Black-Box Adversarial Attacks on Deep Neural Networks: A Survey},
    author       = {Wang, Chenxu and Zhang, Ming and Zhao, Jinjing and Kuang, Xiaohui},
    year         = 2022,
    booktitle    = {IEEE International Conference on Data Intelligence and Security (ICDIS)},
    pages        = {88--93},
    keywords     = {chapter_classification}
}

@article{wang2021daedalus,
    title        = {Daedalus: Breaking nonmaximum suppression in object detection via adversarial examples},
    author       = {Wang, Derui and Li, Chaoran and Wen, Sheng and Han, Qing-Long and Nepal, Surya and Zhang, Xiangyu and Xiang, Yang},
    year         = 2021,
    publisher    = {IEEE},
    journaltitle = {IEEE Transactions on Cybernetics},
    keywords     = {chapter_intro,chapter_detectiob,chapter_tracking,chapter_patch}
}

@article{wang2020man,
    title        = {Man-in-the-middle attacks against machine learning classifiers via malicious generative models},
    author       = {Wang, Derui and Li, Chaoran and Wen, Sheng and Nepal, Surya and Xiang, Yang},
    year         = 2020,
    publisher    = {IEEE},
    volume       = 18,
    number       = 5,
    pages        = {2074--2087},
    journaltitle = {IEEE Transactions on Dependable and Secure Computing}
}

@inproceedings{wang2022fca,
    title        = {Fca: Learning a 3d full-coverage vehicle camouflage for multi-view physical adversarial attack},
    author       = {Wang, Donghua and Jiang, Tingsong and Sun, Jialiang and Zhou, Weien and Gong, Zhiqiang and Zhang, Xiaoya and Yao, Wen and Chen, Xiaoqian},
    year         = 2022,
    booktitle    = {AAAI Conference on Artificial Intelligence},
    volume       = 36,
    number       = 2,
    pages        = {2414--2422}
}

@article{wang2022survey,
    title        = {A survey on physical adversarial attack in computer vision},
    author       = {Wang, Donghua and Yao, Wen and Jiang, Tingsong and Tang, Guijian and Chen, Xiaoqian},
    year         = 2022,
    journaltitle = {arXiv preprint arXiv:2209.14262}
}

@inproceedings{wang2021dual,
    title        = {Dual attention suppression attack: Generate adversarial camouflage in physical world},
    author       = {Wang, Jiakai and Liu, Aishan and Yin, Zixin and Liu, Shunchang and Tang, Shiyu and Liu, Xianglong},
    year         = 2021,
    booktitle    = {IEEE Conference on Computer Vision and Pattern Recognition (CVPR)},
    pages        = {8565--8574}
}

@article{WANG2020332,
    title        = {C-reactive protein levels in the early stage of COVID-19},
    author       = {Wang, L},
    year         = 2020,
    publisher    = {Elsevier},
    volume       = 50,
    number       = 4,
    pages        = {332--334},
    journaltitle = {Medecine et maladies infectieuses}
}

@article{wang2021towards,
    title        = {Towards a physical-world adversarial patch for blinding object detection models},
    author       = {Wang, Yajie and Lv, Haoran and Kuang, Xiaohui and Zhao, Gang and Tan, Yu-an and Zhang, Quanxin and Hu, Jingjing},
    year         = 2021,
    publisher    = {Elsevier},
    volume       = 556,
    pages        = {459--471},
    journaltitle = {Information Sciences},
    keywords     = {chapter_patch}
}

@inproceedings{wang2022adversary,
    title        = {Adversary Distillation for One-Shot Attacks on 3D Target Tracking},
    author       = {Wang, Zhengyi and Wang, Xupeng and Sohel, Ferdous and Bennamoun, Mohammed and Liao, Yong and Yu, Jiali},
    year         = 2022,
    booktitle    = {IEEE International Conference on Acoustics, Speech and Signal Processing (ICASSP)},
    pages        = {2749--2453},
    keywords     = {chapter_tracking}
}

@inproceedings{Wei2019,
    title        = {Transferable Adversarial Attacks for Image and Video Object Detection},
    author       = {Wei, Xingxing and Liang, Siyuan and Chen, Ning and Cao, Xiaochun},
    year         = 2019,
    booktitle    = {International Joint Conference on Artificial Intelligence (IJCAI)},
    pages        = {954--960},
    keywords     = {chapter_detection}
}

@article{wei2023visually,
    title        = {Visually Adversarial Attacks and Defenses in the physical world: A Survey},
    author       = {Wei, Xingxing and Pu, Bangzheng and Lu, Jiefan and Wu, Baoyuan},
    year         = 2022,
    journal      = {arXiv preprint arXiv:2211.01671},
    keywords     = {chapter_patch}
}

@article{wierstra2014nes,
    title        = {Natural Evolution Strategies},
    author       = {Wierstra, Daan and Schaul, Tom and Glasmachers, Tobias and Sun, Yi and Peters, Jan and Schmidhuber, Jürgen},
    year         = 2014,
    publisher    = {JMLR.org},
    volume       = 15,
    number       = 1,
    pages        = {949--980},
    journaltitle = {Journal of Machine Learning Research},
    keywords     = {chapter_classification}
}

@inproceedings{wiyatno2019physical,
    title        = {Physical adversarial textures that fool visual object tracking},
    author       = {Wiyatno, Rey Reza and Xu, Anqi},
    year         = 2019,
    booktitle    = {IEEE Conference on Computer Vision and Pattern Recognition (CVPR)},
    pages        = {4822--4831},
    keywords     = {chapter_tracking}
}

@inproceedings{wojke2017simple,
    title        = {Simple online and realtime tracking with a deep association metric},
    author       = {Wojke, Nicolai and Bewley, Alex and Paulus, Dietrich},
    year         = 2017,
    booktitle    = {IEEE International Conference on Image Processing (ICIP)},
    pages        = {3645--3649}
}

@inproceedings{wong2019wasserstein,
    title        = {Wasserstein adversarial examples via projected sinkhorn iterations},
    author       = {Wong, Eric and Schmidt, Frank and Kolter, Zico},
    year         = 2019,
    booktitle    = {International Conference on Machine Learning (ICML)},
    pages        = {6808--6817},
    keywords     = {chapter_detection}
}

@article{wool2021impact,
    title        = {The impact of COVID-19 disease on platelets and coagulation},
    author       = {Wool, Geoffrey D and Miller, Jonathan L},
    year         = 2021,
    publisher    = {Karger Publishers},
    volume       = 88,
    number       = 1,
    pages        = {14--26},
    journaltitle = {Pathobiology}
}

@inproceedings{wu2006tracking,
    title        = {Tracking of multiple, partially occluded humans based on static body part detection},
    author       = {Wu, Bo and Nevatia, Ram},
    year         = 2006,
    booktitle    = {IEEE Conference on Computer Vision and Pattern Recognition (CVPR)},
    volume       = 1,
    pages        = {951--958}
}

@article{wu2023prada,
    title        = {Prada: practical black-box adversarial attacks against neural ranking models},
    author       = {Wu, Chen and Zhang, Ruqing and Guo, Jiafeng and De Rijke, Maarten and Fan, Yixing and Cheng, Xueqi},
    year         = 2023,
    publisher    = {ACM New York, NY},
    volume       = 41,
    number       = 4,
    pages        = {1--27},
    journaltitle = {ACM Transactions on Information Systems}
}

@inproceedings{han2023detection,
    title        = {Adversarial Detection: Attacking Object Detection in Real Time},
    author       = {Wu, Han and Yunas, Syed and Rowlands, Sareh and Ruan, Wenjie and Wahlström, Johan},
    year         = 2023,
    booktitle    = {IEEE Intelligent Vehicles Symposium (IV)},
    pages        = {1--7}
}

@inproceedings{han2023driving,
    title        = {Adversarial Driving: Attacking End-to-End Autonomous Driving},
    author       = {Wu, Han and Yunas, Syed and Rowlands, Sareh and Ruan, Wenjie and Wahlström, Johan},
    year         = 2023,
    booktitle    = {IEEE Intelligent Vehicles Symposium (IV)},
    pages        = {1--7}
}

@inproceedings{wu2021track,
    title        = {Track to detect and segment: An online multi-object tracker},
    author       = {Wu, Jialian and Cao, Jiale and Song, Liangchen and Wang, Yu and Yang, Ming and Yuan, Junsong},
    year         = 2021,
    booktitle    = {IEEE Conference on Computer Vision and Pattern Recognition (CVPR)},
    pages        = {12352--12361},
    keywords     = {chapter_tracking}
}

@article{wu2022trajectory,
    title        = {Trajectory-guided control prediction for end-to-end autonomous driving: A simple yet strong baseline},
    author       = {Wu, Penghao and Jia, Xiaosong and Chen, Li and Yan, Junchi and Li, Hongyang and Qiao, Yu},
    year         = 2022,
    journaltitle = {arXiv preprint arXiv:2206.08129},
    keywords     = {chapter_driving}
}

@article{wu2020dpattack,
    title        = {Dpattack: Diffused patch attacks against universal object detection},
    author       = {Wu, Shudeng and Dai, Tao and Xia, Shu-Tao},
    year         = 2020,
    journaltitle = {arXiv preprint arXiv:2010.11679},
    keywords     = {chapter_patch}
}

@article{wu2023black,
    title        = {Black-Box Attack using Adversarial Examples: A New Method of Improving Transferability},
    author       = {Wu, Tao and Luo, Tie and Wunsch, Donald C},
    year         = 2023,
    publisher    = {World Scientific},
    volume       = 1,
    pages        = 2250005,
    journaltitle = {World Scientific Annual Review of Artificial Intelligence}
}

@article{wu2019sta,
    title        = {STA: Adversarial attacks on Siamese trackers},
    author       = {Wu, Xugang and Wang, Xiaoping and Zhou, Xu and Jian, Songlei},
    year         = 2019,
    journaltitle = {arXiv preprint arXiv:1909.03413},
    keywords     = {chapter_tracking}
}

@inproceedings{xie2017adversarial,
    title        = {Adversarial examples for semantic segmentation and object detection},
    author       = {Xie, Cihang and Wang, Jianyu and Zhang, Zhishuai and Zhou, Yuyin and Xie, Lingxi and Yuille, Alan},
    year         = 2017,
    booktitle    = {IEEE International Conference on Computer Vision (ICCV)},
    pages        = {1369--1378},
    keywords     = {chapter_detection}
}

@inproceedings{xu2020adversarial,
    title        = {Adversarial t-shirt! evading person detectors in a physical world},
    author       = {Xu, Kaidi and Zhang, Gaoyuan and Liu, Sijia and Fan, Quanfu and Sun, Mengshu and Chen, Hongge and Chen, Pin-Yu and Wang, Yanzhi and Lin, Xue},
    year         = 2020,
    booktitle    = {IEEE European Conference on Computer Vision (ECCV)},
    pages        = {665--681},
    organization = {Springer},
    keywords     = {chapter_detection}
}

@inproceedings{xu2023sparse,
    title        = {Sparse Black-Box Inversion Attack with Limited Information},
    author       = {Xu, Yixiao and Liu, Xiaolei and Hu, Teng and Xin, Bangzhou and Yang, Run},
    year         = 2023,
    booktitle    = {IEEE International Conference on Acoustics, Speech and Signal Processing (ICASSP)},
    pages        = {1--5}
}

@inproceedings{yan2020cooling,
    title        = {Cooling-shrinking attack: Blinding the tracker with imperceptible noises},
    author       = {Yan, Bin and Wang, Dong and Lu, Huchuan and Yang, Xiaoyun},
    year         = 2020,
    booktitle    = {IEEE Conference on Computer Vision and Pattern Recognition (CVPR)},
    pages        = {990--999},
    keywords     = {chapter_tracking}
}

@article{Yan2020,
    title        = {An interpretable mortality prediction model for COVID-19 patients},
    author       = {Yan, Li and Zhang, Hai-Tao and Goncalves, Jorge and Xiao, Yang and Wang, Maolin and Guo, Yuqi and Sun, Chuan and Tang, Xiuchuan and Jing, Liang and Zhang, Mingyang and Huang, Xiang and Xiao, Ying and Cao, Haosen and Chen, Yanyan and Ren, Tongxin and Wang, Fang and Xiao, Yaru and Huang, Sufang and Tan, Xi and Huang, Niannian and Jiao, Bo and Cheng, Cheng and Zhang, Yong and Luo, Ailin and Mombaerts, Laurent and Jin, Junyang and Cao, Zhiguo and Li, Shusheng and Xu, Hui and Yuan, Ye},
    year         = 2020,
    volume       = 2,
    number       = 5,
    pages        = {283--288},
    issn         = {2522-5839},
    journaltitle = {Nature Machine Intelligence}
}

@inproceedings{yan2020hijacking,
    title        = {Hijacking tracker: A powerful adversarial attack on visual tracking},
    author       = {Yan, Xiyu and Chen, Xuesong and Jiang, Yong and Xia, Shu-Tao and Zhao, Yong and Zheng, Feng},
    year         = 2020,
    booktitle    = {IEEE International Conference on Acoustics, Speech and Signal Processing (ICASSP)},
    pages        = {2897--2901}
}

@article{yin2019fourier,
    title        = {A fourier perspective on model robustness in computer vision},
    author       = {Yin, Dong and Gontijo Lopes, Raphael and Shlens, Jon and Cubuk, Ekin Dogus and Gilmer, Justin},
    year         = 2019,
    volume       = 32,
    journaltitle = {Advances in Neural Information Processing Systems},
    keywords     = {chapter_classification}
}

@article{Yurtsever2020,
    title        = {A Survey of Autonomous Driving: Common Practices and Emerging Technologies},
    author       = {Yurtsever, Ekim and Lambert, Jacob and Carballo, Alexander and Takeda, Kazuya},
    year         = 2020,
    volume       = 8,
    pages        = {58443--58469},
    issn         = 21693536,
    eprint       = {1906.05113},
    eprinttype   = {arXiv},
    journaltitle = {IEEE Access},
    keywords     = {chapter_driving}
}

@article{zhang2021evaluating,
    title        = {Evaluating adversarial attacks on driving safety in vision-based autonomous vehicles},
    author       = {Zhang, Jindi and Lou, Yang and Wang, Jianping and Wu, Kui and Lu, Kejie and Jia, Xiaohua},
    year         = 2021,
    publisher    = {IEEE},
    volume       = 9,
    number       = 5,
    pages        = {3443--3456},
    journaltitle = {IEEE Internet of Things Journal},
    keywords     = {chapter_driving}
}

@article{zhang20233d,
    title        = {3d adversarial attacks beyond point cloud},
    author       = {Zhang, Jinlai and Chen, Lyujie and Liu, Binbin and Ouyang, Bo and Xie, Qizhi and Zhu, Jihong and Li, Weiming and Meng, Yanmei},
    year         = 2023,
    publisher    = {Elsevier},
    volume       = 633,
    pages        = {491--503},
    journaltitle = {Information Sciences}
}

@article{zhang2023lego,
    title        = {LEGO: Learning and graph-optimized modular tracker for online multi-object tracking with point clouds},
    author       = {Zhang, Zhenrong and Liu, Jianan and Xia, Yuxuan and Huang, Tao and Han, Qing-Long and Liu, Hongbin},
    year         = 2023,
    journaltitle = {arXiv preprint arXiv:2308.09908}
}

@inproceedings{zhang2019deeper,
    title        = {Deeper and wider siamese networks for real-time visual tracking},
    author       = {Zhang, Zhipeng and Peng, Houwen},
    year         = 2019,
    booktitle    = {IEEE Conference on Computer Vision and Pattern Recognition (CVPR)},
    pages        = {4591--4600}
}

@article{zhao2020clinical,
    title        = {Clinical features in 52 patients with COVID-19 who have increased leukocyte count: a retrospective analysis},
    author       = {Zhao, Kaochang and Li, Ruiyun and Wu, Xiaojun and Zhao, Yang and Wang, Tao and Zheng, Zhishui and Zeng, Shaolin and Ding, Xuhong and Nie, Hanxiang},
    year         = 2020,
    publisher    = {Springer},
    volume       = 39,
    number       = 12,
    pages        = {2279--2287},
    journaltitle = {European Journal of Clinical Microbiology \& Infectious Diseases}
}

@article{Zhao2019,
    title        = {Object Detection With Deep Learning: A Review},
    author       = {Zhao, Zhong-Qiu and Zheng, Peng and Xu, Shou-Tao and Wu, Xindong},
    year         = 2019,
    volume       = 30,
    number       = 11,
    pages        = {3212--3232},
    journaltitle = {IEEE Transactions on Neural Networks and Learning Systems},
    keywords     = {chapter_detection}
}

@inproceedings{zhong2022shadows,
    title        = {Shadows can be dangerous: Stealthy and effective physical-world adversarial attack by natural phenomenon},
    author       = {Zhong, Yiqi and Liu, Xianming and Zhai, Deming and Jiang, Junjun and Ji, Xiangyang},
    year         = 2022,
    booktitle    = {the IEEE Conference on Computer Vision and Pattern Recognition (CVPR)},
    pages        = {15345--15354}
}

@inproceedings{zhou2023f,
    title        = {F\&F attack: Adversarial attack against multiple object trackers by inducing false negatives and false positives},
    author       = {Zhou, Tao and Ye, Qi and Luo, Wenhan and Zhang, Kaihao and Shi, Zhiguo and Chen, Jiming},
    year         = 2023,
    booktitle    = {IEEE Conference on Computer Vision and Pattern Recognition (CVPR)},
    pages        = {4573--4583}
}

@article{han2021interpret,
    title        = {Interpretable Machine Learning for COVID-19: An Empirical Study on Severity Prediction Task},
    author       = {Wu, Han and Ruan, Wenjie and Wang, Jiangtao and Zheng, Dingchang and Liu, Bei and Geng, Yayuan and Chai, Xiangfei and Chen, Jian and Li, Kunwei and Li, Shaolin and Helal, Sumi},
    year         = 2023,
    journal      = {IEEE Transactions on Artificial Intelligence},
    volume       = 4,
    number       = 4,
    pages        = {764--777}
}

@article{Sutton_2024,
    title        = {How adversarial attacks can disrupt seemingly stable accurate classifiers},
    author       = {Sutton, Oliver J. and Zhou, Qinghua and Tyukin, Ivan Y. and Gorban, Alexander N. and Bastounis, Alexander and Higham, Desmond J.},
    year         = 2024,
    journal      = {Neural Networks},
    publisher    = {Elsevier BV},
    volume       = 180,
    pages        = 106711,
    issn         = {0893-6080}
}

@inproceedings{li2023adversarial,
    title        = {Adversarial Examples Are Not Real Features},
    author       = {Ang Li and Yifei Wang and Yiwen Guo and Yisen Wang},
    year         = 2023,
    booktitle    = {Conference on Neural Information Processing Systems}
}

@misc{ilyas2019adversarialexamplesbugsfeatures,
    title        = {Adversarial Examples Are Not Bugs, They Are Features},
    author       = {Andrew Ilyas and Shibani Santurkar and Dimitris Tsipras and Logan Engstrom and Brandon Tran and Aleksander Madry},
    year         = 2019,
    eprint       = {1905.02175},
    archiveprefix = {arXiv},
    primaryclass = {stat.ML}
}
